<record><leader>00000cas a22000007a 4500</leader><controlfield tag="001">10200327</controlfield><controlfield tag="008">831208d18821887ksuwr ne      0   a0eng d</controlfield><datafield ind1=" " ind2=" " tag="010"><subfield code="a">sn 83040943 </subfield></datafield><datafield ind1=" " ind2=" " tag="040"><subfield code="a">KSH</subfield><subfield code="b">eng</subfield><subfield code="c">KSH</subfield><subfield code="d">NPT</subfield><subfield code="d">OCLCQ</subfield></datafield><datafield ind1=" " ind2=" " tag="042"><subfield code="a">msc</subfield></datafield><datafield ind1=" " ind2=" " tag="043"><subfield code="a">n-us-ks</subfield></datafield><datafield ind1="0" ind2="0" tag="245"><subfield code="a">Kansas blade.</subfield></datafield><datafield ind1=" " ind2=" " tag="260"><subfield code="a">Concordia, Kan. :</subfield><subfield code="b">J.M. Hagaman &amp; Son,</subfield><subfield code="c">1882-1887.</subfield></datafield><datafield ind1=" " ind2=" " tag="300"><subfield code="a">6 v. ;</subfield><subfield code="c">64 cm.</subfield></datafield><datafield ind1=" " ind2=" " tag="310"><subfield code="a">Weekly</subfield></datafield><datafield ind1="0" ind2=" " tag="362"><subfield code="a">Vol. 4, no. 2 (May 19, 1882)-v. 4, no. 26 (Nov. 3, 1882) ; v. 4, no. 27 (Nov. 10, E.M. 282 [1882])-v. 6, no. 9 (Feb. 29, E.M. 284 [1884]) ; v. 6,no. 10 (Mar. 7, 1884)-v. 11, no. 3 (Jan. 18, 1889).</subfield></datafield><datafield ind1=" " ind2=" " tag="500"><subfield code="a">"Independent."</subfield></datafield><datafield ind1=" " ind2=" " tag="752"><subfield code="a">United States</subfield><subfield code="b">Kansas</subfield><subfield code="c">Cloud</subfield><subfield code="d">Concordia.</subfield></datafield><datafield ind1="0" ind2="0" tag="780"><subfield code="t">Cloud County blade</subfield><subfield code="w">(DLC)sn 83040836</subfield></datafield><datafield ind1="0" ind2="0" tag="785"><subfield code="t">Kansas weekly blade</subfield><subfield code="w">(DLC)sn 83040837</subfield></datafield></record>